@article{rivas2014detection,
  title={Detection of leukocoria using a soft fusion of expert classifiers under non-clinical settings},
  author={Rivas-Perea, Pablo and Baker, Erich and Hamerly, Greg and Shaw, Bryan F},
  journal={BMC ophthalmology},
  volume={14},
  number={1},
  pages={1},
  year={2014},
  publisher={BioMed Central}
}

@article{rosenblatt1956remarks,
	title={Remarks on some nonparametric estimates of a density function},
	author={Rosenblatt, Murray and others},
	journal={The Annals of Mathematical Statistics},
	volume={27},
	number={3},
	pages={832--837},
	year={1956},
	publisher={Institute of Mathematical Statistics}
}

@article{powers2011evaluation,
	title={Evaluation: from precision, recall and F-measure to ROC, informedness, markedness and correlation},
	author={Powers, David Martin},
	year={2011},
	publisher={Bioinfo Publications}
}

@article{hastie2005elements,
	title={The elements of statistical learning: data mining, inference and prediction},
	author={Hastie, Trevor and Tibshirani, Robert and Friedman, Jerome and Franklin, James},
	journal={The Mathematical Intelligencer},
	volume={27},
	number={2},
	pages={83--85},
	year={2005},
	publisher={Springer}
}

@book{simon2013too,
	title={Too Big to Ignore: The Business Case for Big Data},
	author={Simon, Phil},
	volume={72},
	year={2013},
	publisher={John Wiley \& Sons}
}

@book{keppel1991design,
	title={Design and analysis: A researcher's handbook .},
	author={Keppel, Geoffrey},
	year={1991},
	publisher={Prentice-Hall, Inc}
}

@article{hintze1998violin,
	title={Violin plots: a box plot-density trace synergism},
	author={Hintze, Jerry L and Nelson, Ray D},
	journal={The American Statistician},
	volume={52},
	number={2},
	pages={181--184},
	year={1998},
	publisher={Taylor \& Francis Group}
}

@inproceedings{statsmodels2010,
	title={Statsmodels: Econometric and Statistical Modeling with Python},
	author={Seabold, J.S. and Perktold, J.},
	booktitle={Proceedings of the 9th Python in Science Conference},
	year={2010}
}

@InProceedings{mckinney-proc-scipy-2010,
	author    = { Wes McKinney },
	title     = { Data Structures for Statistical Computing in Python },
	booktitle = { Proceedings of the 9th Python in Science Conference },
	pages     = { 51 - 56 },
	year      = { 2010 },
	editor    = { St\'efan van der Walt and Jarrod Millman }
}

@article{reenskaug2009dci,
	title={The DCI architecture: A new vision of object-oriented programming},
	author={Reenskaug, Trygve and Coplien, James O},
	journal={An article starting a new blog:(14pp) http://www. artima. com/articles/dci\_vision. html},
	year={2009}
}

@article{millman2011python,
	title={Python for scientists and engineers},
	author={Millman, K Jarrod and Aivazis, Michael},
	journal={Computing in Science \& Engineering},
	volume={13},
	number={2},
	pages={9--12},
	year={2011},
	publisher={AIP Publishing}
}

@article{scikit-learn,
	title={Scikit-learn: Machine Learning in {P}ython},
	author={Pedregosa, F. and Varoquaux, G. and Gramfort, A. and Michel, V.
	and Thirion, B. and Grisel, O. and Blondel, M. and Prettenhofer, P.
	and Weiss, R. and Dubourg, V. and Vanderplas, J. and Passos, A. and
	Cournapeau, D. and Brucher, M. and Perrot, M. and Duchesnay, E.},
	journal={Journal of Machine Learning Research},
	volume={12},
	pages={2825--2830},
	year={2011}
}

@Article{Hunter:2007,
	Author    = {Hunter, J. D.},
	Title     = {Matplotlib: A 2D graphics environment},
	Journal   = {Computing In Science \& Engineering},
	Volume    = {9},
	Number    = {3},
	Pages     = {90--95},
	abstract  = {Matplotlib is a 2D graphics package used for Python
	for application development, interactive scripting, and
	publication-quality image generation across user
	interfaces and operating systems.},
	publisher = {IEEE COMPUTER SOC},
	year      = 2007
}

@misc{michael_waskom_2014_12710,
	author       = {Michael Waskom and
	Olga Botvinnik and
	Paul Hobson and
	John B. Cole and
	Yaroslav Halchenko and
	Stephan Hoyer and
	Alistair Miles and
	Tom Augspurger and
	Tal Yarkoni and
	Tobias Megies and
	Luis Pedro Coelho and
	Daniel Wehner and
	cynddl and
	Erik Ziegler and
	diego0020 and
	Yury V. Zaytsev and
	Travis Hoppe and
	Skipper Seabold and
	Phillip Cloud and
	Miikka Koskinen and
	Kyle Meyer and
	Adel Qalieh and
	Dan Allan},
	title        = {seaborn: v0.5.0 (November 2014)},
	month        = nov,
	year         = 2014,
	doi          = {10.5281/zenodo.12710},
	url          = {http://dx.doi.org/10.5281/zenodo.12710}
}

@inproceedings
{
	fake1,
	author = {Malcolm Reynolds and Inara Serra},
	title = {A new framework for leasing and respectability},
	year = {2517},
	pages = {42--51},
	booktitle = {Control Theory},
	publisher = {Allied Symposia},
}

@inproceedings
{
	fake2,
	author = {Malcolm Reynolds and Inara Serra},
	title = {A new framework for leasing and respectability},
	year = {2517},
	pages = {42--51},
	booktitle = {Control Theory},
	publisher = {Allied Symposia},
}

@inproceedings
{
	fake3,
	author = {Malcolm Reynolds and Inara Serra},
	title = {A new framework for leasing and respectability},
	year = {2517},
	pages = {42--51},
	booktitle = {Control Theory},
	publisher = {Allied Symposia},
}



@inproceedings{schuller2011interspeech,
  title={The interspeech 2011 speaker state challenge},
  author={Schuller, Bj{\"o}rn and Batliner, Anton and Steidl, Stefan and Schiel, Florian and Krajewski, Jarek},
  booktitle={Proceedings Interspeech 2011, 12th Annual Conference of the International Speech Communication Association},
  pages={3201--3204},
  year={2011}
}

@book{rosenberg2009automatic,
  title={Automatic detection and classification of prosodic events},
  author={Rosenberg, Andrew},
  year={2009},
  publisher={Columbia University}
}

@article{friedman2001greedy,
  title={Greedy function approximation: a gradient boosting machine},
  author={Friedman, Jerome H},
  journal={Annals of statistics},
  pages={1189--1232},
  year={2001},
  publisher={JSTOR}
}

@article{daunais2014monkey,
  title={Monkey alcohol tissue research resource: banking tissues for alcohol research},
  author={Daunais, James B and Davenport, April T and Helms, Christa M and Gonzales, Steven W and Hemby, Scott E and Friedman, David P and Farro, Jonathan P and Baker, Erich J and Grant, Kathleen A},
  journal={Alcoholism: Clinical and Experimental Research},
  volume={38},
  number={7},
  pages={1973--1981},
  year={2014},
  publisher={Wiley Online Library}
}

@article{baker2014chronic,
  title={Chronic Alcohol Self-Administration in Monkeys Shows Long-Term Quantity/Frequency Categorical Stability},
  author={Baker, Erich J and Farro, Jonathan and Gonzales, Steven and Helms, Christa and Grant, Kathleen A},
  journal={Alcoholism: Clinical and Experimental Research},
  volume={38},
  number={11},
  pages={2835--2843},
  year={2014}
}

@article{li2007alcohol,
	title={The Alcohol Dependence Syndrome, 30 years later: a commentary},
	author={Li, Ting-Kai and Hewitt, Brenda G and Grant, Bridget F},
	journal={Addiction},
	volume={102},
	number={10},
	pages={1522--1530},
	year={2007},
	publisher={Wiley Online Library}
}

@article{hasin2013dsm,
	title={DSM-5 criteria for substance use disorders: recommendations and rationale},
	author={Hasin, Deborah S and Oâ€™Brien, Charles P and Auriacombe, Marc and Borges, Guilherme and Bucholz, Kathleen and Budney, Alan and Compton, Wilson M and Crowley, Thomas and Ling, Walter and Petry, Nancy M and others},
	journal={American Journal of Psychiatry},
	year={2013},
	publisher={Am Psychiatric Assoc}
}

@article{mokdad2004actual,
	title={Actual causes of death in the United States, 2000},
	author={Mokdad, Ali H and Marks, James S and Stroup, Donna F and Gerberding, Julie L},
	journal={Jama},
	volume={291},
	number={10},
	pages={1238--1245},
	year={2004},
	publisher={American Medical Association}
}

@article{dawson2008age,
	title={Age at First Drink and the First Incidence of Adult-Onset DSM-IV Alcohol Use Disorders},
	author={Dawson, Deborah A and Goldstein, Ris{\"e} B and Patricia Chou, S and June Ruan, W and Grant, Bridget F},
	journal={Alcoholism: Clinical and Experimental Research},
	volume={32},
	number={12},
	pages={2149--2160},
	year={2008},
	publisher={Wiley Online Library}
}

@book{alpaydin2014introduction,
  title={Introduction to machine learning},
  author={Alpaydin, Ethem},
  year={2014},
  publisher={MIT press}
}

@book{barber2012bayesian,
  title={Bayesian reasoning and machine learning},
  author={Barber, David},
  year={2012},
  publisher={Cambridge University Press}
}

@article{helms2014effects,
	title={The effects of age at the onset of drinking to intoxication and chronic ethanol self-administration in male rhesus macaques},
	author={Helms, Christa M and Rau, Andrew and Shaw, Jessica and Stull, Cara and Gonzales, Steven W and Grant, Kathleen A},
	journal={Psychopharmacology},
	volume={231},
	number={8},
	pages={1853--1861},
	year={2014},
	publisher={Springer}
}

@article{vivian2001induction,
	title={Induction and Maintenance of Ethanol Self-Administration in Cynomolgus Monkeys (Macaca fascicularis): Long-Term Characterization of Sex and Individual Differences},
	author={Vivian, JA and Green, HL and Young, JE and Majerksy, LS and Thomas, BW and Shively, CA and Tobin, JR and Nader, MA and Grant, KA},
	journal={Alcoholism: Clinical and Experimental Research},
	volume={25},
	number={8},
	pages={1087--1097},
	year={2001},
	publisher={Wiley Online Library}
}

@article{grant2008drinking,
	title={Drinking Typography Established by Scheduled Induction Predicts Chronic Heavy Drinking in a Monkey Model of Ethanol Self-Administration},
	author={Grant, Kathleen A and Leng, Xiaoyan and Green, Heather L and Szeliga, Kendall T and Rogers, Laura SM and Gonzales, Steven W},
	journal={Alcoholism: Clinical and Experimental Research},
	volume={32},
	number={10},
	pages={1824--1838},
	year={2008},
	publisher={Wiley Online Library}
}

@book{king2010pharmacology,
	title={Pharmacology for women's health},
	author={King, Tekoa L and Brucker, Mary C},
	year={2010},
	publisher={Jones \& Bartlett Publishers}
}

@article{cleveland1979robust,
	title={Robust locally weighted regression and smoothing scatterplots},
	author={Cleveland, William S},
	journal={Journal of the American statistical association},
	volume={74},
	number={368},
	pages={829--836},
	year={1979},
	publisher={Taylor \& Francis Group}
}


@article{guyon1993automatic,
	title={Automatic capacity tuning of very large VC-dimension classifiers},
	author={Guyon, Isabelle and Boser, B and Vapnik, Vladimir},
	journal={Advances in neural information processing systems},
	pages={147--147},
	year={1993},
	publisher={Citeseer}
}

@article{breiman1996bagging,
	title={Bagging predictors},
	author={Breiman, Leo},
	journal={Machine learning},
	volume={24},
	number={2},
	pages={123--140},
	year={1996},
	publisher={Kluwer Academic Publishers}
}

@article{breiman2001random,
	title={Random forests},
	author={Breiman, Leo},
	journal={Machine learning},
	volume={45},
	number={1},
	pages={5--32},
	year={2001},
	publisher={Springer}
}

@article{breiman1999pasting,
	title={Pasting small votes for classification in large databases and on-line},
	author={Breiman, Leo},
	journal={Machine Learning},
	volume={36},
	number={1-2},
	pages={85--103},
	year={1999},
	publisher={Springer}
}

@article{cawley2007preventing,
	title={Preventing over-fitting during model selection via Bayesian regularisation of the hyper-parameters},
	author={Cawley, Gavin C and Talbot, Nicola LC},
	journal={The Journal of Machine Learning Research},
	volume={8},
	pages={841--861},
	year={2007},
	publisher={JMLR. org}
}

@article{cawley2010over,
	title={On over-fitting in model selection and subsequent selection bias in performance evaluation},
	author={Cawley, Gavin C and Talbot, Nicola LC},
	journal={The Journal of Machine Learning Research},
	volume={11},
	pages={2079--2107},
	year={2010},
	publisher={JMLR. org}
}

@article{yang2010review,
	title={A review of ensemble methods in bioinformatics},
	author={Yang, Pengyi and Hwa Yang, Yee and B Zhou, Bing and Y Zomaya, Albert},
	journal={Current Bioinformatics},
	volume={5},
	number={4},
	pages={296--308},
	year={2010},
	publisher={Bentham Science Publishers}
}

@article{friedman2002stochastic,
	title={Stochastic gradient boosting},
	author={Friedman, Jerome H},
	journal={Computational Statistics \& Data Analysis},
	volume={38},
	number={4},
	pages={367--378},
	year={2002},
	publisher={Elsevier}
}

@article{peng2005feature,
  title={Feature selection based on mutual information criteria of max-dependency, max-relevance, and min-redundancy},
  author={Peng, Hanchuan and Long, Fuhui and Ding, Chris},
  journal={Pattern Analysis and Machine Intelligence, IEEE Transactions on},
  volume={27},
  number={8},
  pages={1226--1238},
  year={2005},
  publisher={IEEE}
}

@inproceedings{aslam2007estimating,
	title={On estimating the size and confidence of a statistical audit},
	author={Aslam, Javed A and Popa, Raluca A and Rivest, Ronald L},
	booktitle={Proc. 2007 USENIX/ACCURATE Electronic Voting Technology Workshop (EVTâ€™07)},
	year={2007}
}

@article{hirschhorn2005genome,
  title={Genome-wide association studies for common diseases and complex traits},
  author={Hirschhorn, Joel N and Daly, Mark J},
  journal={Nature Reviews Genetics},
  volume={6},
  number={2},
  pages={95--108},
  year={2005},
  publisher={Nature Publishing Group}
}

@article{aebersold2003mass,
  title={Mass spectrometry-based proteomics},
  author={Aebersold, Ruedi and Mann, Matthias},
  journal={Nature},
  volume={422},
  number={6928},
  pages={198--207},
  year={2003},
  publisher={Nature Publishing Group}
}

@article{allison2006microarray,
  title={Microarray data analysis: from disarray to consolidation and consensus},
  author={Allison, David B and Cui, Xiangqin and Page, Grier P and Sabripour, Mahyar},
  journal={Nature reviews genetics},
  volume={7},
  number={1},
  pages={55--65},
  year={2006},
  publisher={Nature Publishing Group}
}

@article{diaz2006gene,
  title={Gene selection and classification of microarray data using random forest},
  author={D{\'\i}az-Uriarte, Ram{\'o}n and De Andres, Sara Alvarez},
  journal={BMC bioinformatics},
  volume={7},
  number={1},
  pages={3},
  year={2006},
  publisher={BioMed Central Ltd}
}

@article{lee2005extensive,
  title={An extensive comparison of recent classification tools applied to microarray data},
  author={Lee, Jae Won and Lee, Jung Bok and Park, Mira and Song, Seuck Heun},
  journal={Computational Statistics \& Data Analysis},
  volume={48},
  number={4},
  pages={869--885},
  year={2005},
  publisher={Elsevier}
}

@book{guyon2008feature,
  title={Feature extraction: foundations and applications},
  author={Guyon, Isabelle and Gunn, Steve and Nikravesh, Masoud and Zadeh, Lofti A},
  volume={207},
  year={2008},
  publisher={Springer}
}

@article{caplan2011risk,
  title={Risk terrain modeling: brokering criminological theory and GIS methods for crime forecasting},
  author={Caplan, Joel M and Kennedy, Leslie W and Miller, Joel},
  journal={Justice Quarterly},
  volume={28},
  number={2},
  pages={360--381},
  year={2011},
  publisher={Taylor \& Francis}
}